% Encoding: UTF-8

@Article{sokolova2009systematic,
  author    = {Sokolova, Marina and Lapalme, Guy},
  title     = {{A Systematic Analysis of Performance Measures for Classification Tasks}},
  journal   = {Information Processing \& Management},
  year      = {2009},
  volume    = {45},
  number    = {4},
  pages     = {427--437},
  publisher = {Elsevier},
}

@article{van1979information,
  title={{Information Retrieval}},
  author={Van Rijsbergen, Cornelis Joost},
  year={1979},
  publisher={Butterworth-Heinemann}
}

@article{hripcsak2005agreement,
  title={{Agreement, the F-Measure, and Reliability in Information Retrieval}},
  author={Hripcsak, George and Rothschild, Adam S},
  journal={Journal of the American Medical Informatics Association},
  volume={12},
  number={3},
  pages={296--298},
  year={2005},
  publisher={BMJ Group BMA House, Tavistock Square, London, WC1H 9JR}
}

@Article{Fisher2018,
  author        = {Fisher, Aaron and Rudin, Cynthia and Dominici, Francesca},
  title         = {{Model Class Reliance: Variable Importance Measures for Any Machine Learning Model Class, from the {"Rashomon"} Perspective}},
  journal       = {arXiv preprint \href{http://arxiv.org/abs/1801.01489}{arXiv:1801.01489}},
  year          = {2018},
  archiveprefix = {arXiv},
  arxivid       = {1801.01489},
  eprint        = {1801.01489},
  opturl        = {http://arxiv.org/abs/1801.01489},
}

@Article{wolpert1996lack,
  author    = {Wolpert, David H},
  title     = {{The Lack of a Priori Distinctions between Learning Algorithms}},
  journal   = {Neural Computation},
  year      = {1996},
  volume    = {8},
  number    = {7},
  pages     = {1341--1390},
  publisher = {MIT Press},
}

@Article{fernandez2014we,
  author  = {Fern{\'a}ndez-Delgado, Manuel and Cernadas, Eva and Barro, Sen{\'e}n and Amorim, Dinani},
  title   = {{Do We Need Hundreds of Classifiers to Solve Real World Classification Problems}},
  journal = {Journal of Machine Learning Research},
  year    = {2014},
  volume  = {15},
  number  = {1},
  pages   = {3133--3181},
}

@Book{domingos2015master,
  title     = {{The Master Algorithm: How the Quest for the Ultimate Learning Machine Will Remake Our World}},
  publisher = {Basic Books},
  year      = {2015},
  author    = {Domingos, Pedro},
  address   = {New York, NY, USA},
}

@InProceedings{hernandez2011brier,
  author    = {Hern{\'a}ndez-Orallo, Jos{\'e} and Flach, Peter A and Ramirez, C{\`e}sar Ferri},
  title     = {{Brier Curves: A New Cost-based Visualisation of Classifier Performance.}},
  booktitle = {Proceedings of the 28\textsuperscript{th} International Conference on International Conference on Machine Learning},
  year      = {2011},
  pages     = {585--592},
}

@Misc{bleik_2015,
  author       = {Bleik, Said},
  title        = {{Permutation Feature Importance -- Machine Learning Blog}},
  howpublished = {{Microsoft Corporation}},
  year         = {2015},
  note         = {URL \url{https://blogs.technet.microsoft.com/machinelearning/2015/04/14/permutation-feature-importance/}. Accessed: 2018-11-23},
  journal      = {Microsoft Corporation},
}

@TechReport{jiang2002quasi,
  author    = {Jiang, Tao and Owen, Art B},
  title     = {{Quasi-regression for Visualization and Interpretation of Black Box Functions}},
  year      = {2002},
  note      = {URL \url{http://statweb.stanford.edu/~owen/reports/qregvis.pdf}},
  publisher = {Stanford University, Stanford},
}

@Article{Huang2007,
  author  = {Huang, Ying and Pepe, Margaret S and Feng, Ziding},
  title   = {{Evaluating the Predictiveness of a Continuous Marker}},
  journal = {Biometrics},
  year    = {2007},
  volume  = {63},
  number  = {4},
  pages   = {1181--1188},
  issn    = {0006-341X},
  doi     = {10.1111/j.1541-0420.2007.00814.x},
  pmid    = {17489968},
  url     = {http://www.pubmedcentral.nih.gov/articlerender.fcgi?artid=3059154\&tool=pmcentrez\&rendertype=abstract},
}

@Article{olson2017pmlb,
  author    = {Olson, Randal S and La Cava, William and Orzechowski, Patryk and Urbanowicz, Ryan J and Moore, Jason H},
  title     = {{PMLB: A Large Benchmark Suite for Machine Learning Evaluation and Comparison}},
  journal   = {BioData Mining},
  year      = {2017},
  volume    = {10},
  number    = {1},
  pages     = {36},
  publisher = {BioMed Central},
}

@Article{Caruana2015a,
  author  = {Caruana, Rich and Lou, Yin and Gehrke, Johannes and Koch, Paul and Sturm, Marc and Elhadad, Noemie},
  title   = {{Intelligible Models for HealthCare: Predicting Pneumonia Risk and Hospital 30-day Readmission}},
  journal = {Proceedings of the 21\textsuperscript{th} ACM SIGKDD International Conference on Knowledge Discovery and Data Mining - KDD '15},
  year    = {2015},
  pages   = {1721--1730},
  doi     = {10.1145/2783258.2788613},
  isbn    = {9781450336642},
  url     = {http://dl.acm.org/citation.cfm?id=2783258.2788613},
}

@Article{Holmberg2013,
  author  = {Holmberg, Lars and Vickers, Andrew},
  title   = {{Evaluation of Prediction Models for Decision-Making: Beyond Calibration and Discrimination}},
  journal = {PLoS Medicine},
  year    = {2013},
  volume  = {10},
  number  = {7},
  pages   = {1--2},
  doi     = {10.1371/journal.},
  url     = {http://www.ncbi.nlm.nih.gov/pmc/articles/PMC3728013/},
}

@Article{HillJones,
  author  = {Daniel W. Hill and Zachary M. Jones},
  title   = {{An Empirical Evaluation of Explanations for State Repression}},
  journal = {American Political Science Review},
  year    = {2014},
  volume  = {108},
  number  = {3},
  pages   = {661--687},
}

@Misc{korobov_lopuhin_2018,
  author       = {Korobov, Mikhail and Lopuhin, Konstantin},
  title        = {{Permutation Importance -- {ELI5} 0.8.1 Documentation}},
  howpublished = {URL \url{https://eli5.readthedocs.io/en/latest/blackbox/permutation_importance.html}},
  year         = {2017},
  note         = {Accessed: 2018-11-23},
  journal      = {Eli5.readthedocs.io},
}

@Article{friedman2001greedy,
  author    = {Friedman, Jerome H},
  title     = {{Greedy Function Approximation: A Gradient Boosting Machine}},
  journal   = {The Annals of Statistics},
  year      = {2001},
  volume    = {29},
  number    = {5},
  pages     = {1189--1232},
  doi       = {10.2307/2699986},
  publisher = {JSTOR},
}

@Article{owen2014sobol,
  author    = {Owen, Art B},
  title     = {{Sobol'indices and Shapley Value}},
  journal   = {SIAM/ASA Journal on Uncertainty Quantification},
  year      = {2014},
  volume    = {2},
  number    = {1},
  pages     = {245--251},
  publisher = {SIAM},
}

@Article{Bischl2016,
  author    = {Bischl, Bernd and Lang, Michel and Kotthoff, Lars and Schiffner, Julia and Richter, Jakob and Studerus, Erich and Casalicchio, Giuseppe and Jones, Zachary M.},
  title     = {{mlr: Machine Learning in R}},
  journal   = {Journal of Machine Learning Research},
  year      = {2016},
  volume    = {17},
  number    = {170},
  pages     = {1--5},
  publisher = {Microtome Publisher},
  url       = {http://jmlr.org/papers/v17/15-066.html},
}

@Article{fawcett2004roc,
  author  = {Fawcett, Tom},
  title   = {{ROC Graphs: Notes and Practical Considerations for Researchers}},
  journal = {Machine Learning},
  year    = {2004},
  volume  = {31},
  number  = {1},
  pages   = {1--38},
}

@InProceedings{giraud2005toward,
  author    = {Giraud-Carrier, Christophe and Provost, Foster},
  title     = {{Toward a Justification of Meta-learning: Is the No Free Lunch Theorem a Show-stopper}},
  booktitle = {Proceedings of the ICML-2005 Workshop on Meta-learning},
  year      = {2005},
  pages     = {12--19},
}

@Article{lundberg2017unified,
  author  = {Lundberg, Scott and Lee, Su-In},
  title   = {{A Unified Approach to Interpreting Model Predictions}},
  journal = {arXiv preprint \href{http://arxiv.org/abs/1705.07874}{arXiv:1705.07874}},
  year    = {2017},
}

@InProceedings{hooker2004discovering,
  author       = {Hooker, Giles},
  title        = {{Discovering Additive Structure in Black Box Functions}},
  booktitle    = {Proceedings of the 10\textsuperscript{th} ACM SIGKDD International Conference on Knowledge Discovery and Data Mining},
  year         = {2004},
  pages        = {575--580},
  organization = {ACM},
}

@InProceedings{giraud2008metalearning,
  author    = {Giraud-Carrier, Christophe},
  title     = {{Metalearning -- A Tutorial}},
  booktitle = {Tutorial at the 2008 International Conference on Machine Learning and Applications, ICMLA},
  year      = {2008},
}

@Article{perkins2006inconsistency,
  author    = {Perkins, Neil J and Schisterman, Enrique F},
  title     = {{The Inconsistency of {\textquotedblleft}Optimal{\textquotedblright} Cutpoints Obtained Using Two Criteria Based on the Receiver Operating Characteristic Curve}},
  journal   = {American Journal of Epidemiology},
  year      = {2006},
  volume    = {163},
  number    = {7},
  pages     = {670--675},
  publisher = {Oxford University Press},
}

@Article{hooker2007generalized,
  author  = {Hooker, Giles},
  title   = {{Generalized Functional Anova Diagnostics for High-dimensional Functions of Dependent Variables}},
  journal = {Journal of Computational and Graphical Statistics},
  year    = {2007},
  volume  = {16},
  number  = {3},
  pages   = {709--732},
}

@Article{buja2005loss,
  author  = {Buja, Andreas and Stuetzle, Werner and Shen, Yi},
  title   = {{Loss Functions for Binary Class Probability Estimation and Classification: Structure and Applications}},
  journal = {Working Paper},
  year    = {2005},
  note = {URL \url{http://www-stat.wharton.upenn.edu/~buja/PAPERS/paper-proper-scoring.pdf}}
}

@Article{gneiting2007strictly,
  author    = {Gneiting, Tilmann and Raftery, Adrian E},
  title     = {{Strictly Proper Scoring Rules, Prediction, and Estimation}},
  journal   = {Journal of the American Statistical Association},
  year      = {2007},
  volume    = {102},
  number    = {477},
  pages     = {359--378},
  publisher = {Taylor \& Francis},
}

@InProceedings{van2018hyperparameter,
  author       = {van Rijn, Jan N and Hutter, Frank},
  title        = {{Hyperparameter Importance across Datasets}},
  booktitle    = {Proceedings of the 24\textsuperscript{th} ACM SIGKDD International Conference on Knowledge Discovery and Data Mining},
  year         = {2018},
  pages        = {2367--2376},
  organization = {ACM},
}

@Article{Breiman2001,
  author     = {Breiman, Leo},
  title      = {{Random Forests}},
  journal    = {Machine Learning},
  year       = {2001},
  volume     = {45},
  number     = {1},
  pages      = {5--32},
  address    = {Hingham, MA, USA},
  doi        = {10.1023/A:1010933404324},
  issue_date = {October 1 2001},
  numpages   = {28},
  publisher  = {Kluwer Academic Publishers},
}

@Article{eugster2012domain,
  author  = {Eugster, Manuel JA and Hothorn, Torsten and Leisch, Friedrich},
  title   = {{Domain-based Benchmark Experiments: Exploratory and Inferential Analysis}},
  journal = {Austrian Journal of Statistics},
  year    = {2012},
  volume  = {41},
  number  = {1},
  pages   = {5--26},
}

@Misc{chen2015ucr,
  author    = {Chen, Yanping and Keogh, Eamonn and Hu, Bing and Begum, Nurjahan and Bagnall, Anthony and Mueen, Abdullah and Batista, Gustavo},
  title     = {{The UCR Time Series Classification Archive}},
  year      = {2015},
  publisher = {July},
  note = {URL \url{http://www.cs.ucr.edu/~eamonn/time_series_data/}},
}

@Article{pencina2008evaluating,
  author    = {Pencina, Michael J and D'Agostino Sr, Ralph B and D'Agostino Jr, Ralph B and Vasan, Ramachandran S},
  title     = {{Evaluating the Added Predictive Ability of a New Marker: From Area under the ROC Curve to Reclassification and Beyond}},
  journal   = {Statistics in Medicine},
  year      = {2008},
  volume    = {27},
  number    = {2},
  pages     = {157--172},
  publisher = {Wiley Online Library},
}

@Article{lundberg2018consistent,
  author  = {Lundberg, Scott M and Erion, Gabriel G and Lee, Su-In},
  title   = {{Consistent Individualized Feature Attribution for Tree Ensembles}},
  journal = {arXiv preprint \href{http://arxiv.org/abs/1802.03888}{arXiv:1802.03888}},
  year    = {2018},
}

@Book{shynk2012probability,
  title     = {{Probability, Random Variables, and Random Processes: Theory and Signal Processing Applications}},
  publisher = {John Wiley \& Sons},
  year      = {2012},
  author    = {Shynk, John J},
}

@Article{apley2016visualizing,
  author  = {Apley, Daniel W},
  title   = {{Visualizing the Effects of Predictor Variables in Black Box Supervised Learning Models}},
  journal = {arXiv preprint \href{http://arxiv.org/abs/1612.08468}{arXiv:1612.08468}},
  year    = {2016},
}

@Book{Cramer1946,
  title     = {{Mathematical Methods of Statistics}},
  publisher = {Princeton University Press},
  year      = {1946},
  author    = {Cramer, Harald},
  address   = {Princeton, NJ, USA},
}

@Manual{R,
  title        = {{R: A Language and Environment for Statistical Computing}},
  author       = {{R Core Team}},
  organization = {R Foundation for Statistical Computing},
  address      = {Vienna, Austria},
  year         = {2018},
  url          = {https://www.R-project.org/},
}

@Book{ggplot2,
  title     = {{ggplot2: Elegant Graphics for Data Analysis}},
  publisher = {Springer},
  year      = {2009},
  author    = {Wickham, Hadley},
  address   = {New York, NY, USA},
  url       = {http://ggplot2.org},
}

@Article{hernandez2012unified,
  author  = {Hern{\'a}ndez-Orallo, Jos{\'e} and Flach, Peter and Ferri, C{\`e}sar},
  title   = {{A Unified View of Performance Metrics: Translating Threshold Choice into Expected Classification Loss}},
  journal = {Journal of Machine Learning Research},
  year    = {2012},
  volume  = {13},
  number  = {Oct},
  pages   = {2813--2869},
}

@Article{miller2017explanation,
  author  = {Miller, Tim},
  title   = {{Explanation in Artificial Intelligence: Insights from the Social Sciences}},
  journal = {arXiv preprint \href{http://arxiv.org/abs/1706.07269}{arXiv:1706.07269}},
  year    = {2017},
}

@Article{eugster2014psycho,
  author    = {Eugster, Manuel JA and Leisch, Friedrich and Strobl, Carolin},
  title     = {{(Psycho-)Analysis of Benchmark Experiments: A Formal Framework for Investigating the Relationship between Data Sets and Learning Algorithms}},
  journal   = {Computational Statistics \& Data Analysis},
  year      = {2014},
  volume    = {71},
  pages     = {986--1000},
  publisher = {Elsevier},
}

@InCollection{iooss2015review,
  author    = {Iooss, Bertrand and Lema{\^\i}tre, Paul},
  title     = {{A Review on Global Sensitivity Analysis Methods}},
  booktitle = {Uncertainty Management in Simulation-Optimization of Complex Systems},
  publisher = {Boston: Springer},
  year      = {2015},
  pages     = {101--122},
}

@Article{kim2009estimating,
  author    = {Kim, Ji-Hyun},
  title     = {{Estimating Classification Error Rate: Repeated Cross-validation, Repeated Hold-out and Bootstrap}},
  journal   = {Computational Statistics \& Data Analysis},
  year      = {2009},
  volume    = {53},
  number    = {11},
  pages     = {3735--3745},
  publisher = {Elsevier},
}

@Article{bradley1952rank,
  author    = {Bradley, Ralph Allan and Terry, Milton E},
  title     = {{Rank Analysis of Incomplete Block Designs: I. The Method of Paired Comparisons}},
  journal   = {Biometrika},
  year      = {1952},
  volume    = {39},
  number    = {3/4},
  pages     = {324--345},
  publisher = {JSTOR},
}

@TechReport{leeper2017interpreting,
  author = {Leeper, Thomas J},
  title  = {{Interpreting Regression Results Using Average Marginal Effects with R{\textquoteright}s Margins}},
  year   = {2017},
  note = {URL \url{https://cran.r-project.org/web/packages/margins/index.html}},
  school = {Technical Report. URL https://cran.r-project.org/web/packages/margins/index.html},
}

@Article{bengio2004no,
  author  = {Bengio, Yoshua and Grandvalet, Yves},
  title   = {{No Unbiased Estimator of the Variance of K-fold Cross-validation}},
  journal = {Journal of Machine Learning Research},
  year    = {2004},
  volume  = {5},
  number  = {Sep},
  pages   = {1089--1105},
}

@Article{Gilpin2018,
  author  = {Gilpin, Leilani H. and Bau, David and Yuan, Ben Z. and Bajwa, Ayesha and Specter, Michael and Kagal, Lalana},
  title   = {{Explaining Explanations: An Approach to Evaluating Interpretability of Machine Learning}},
  journal = {arXiv preprint \href{http://arxiv.org/abs/1806.00069}{arXiv:1806.00069}},
  year    = {2018},
  issn    = {0022-4936},
  doi     = {10.1039/C39930001188},
}

@Article{platt1999probabilistic,
  author    = {Platt, John and others},
  title     = {{Probabilistic Outputs for Support Vector Machines and Comparisons to Regularized Likelihood Methods}},
  journal   = {Advances in Large Margin Classifiers},
  year      = {1999},
  volume    = {10},
  number    = {3},
  pages     = {61--74},
  publisher = {Cambridge, MA},
}

@Article{bilalli2017predictive,
  author    = {Bilalli, Besim and Abell{\'o}, Alberto and Aluja-Banet, Tom{\`a}s},
  title     = {{On the Predictive Power of Meta-features in OpenML}},
  journal   = {International Journal of Applied Mathematics and Computer Science},
  year      = {2017},
  volume    = {27},
  number    = {4},
  pages     = {697--712},
  publisher = {De Gruyter Open},
}

@Book{Bishop2006,
  title     = {{Pattern Recognition and Machine Learning}},
  publisher = {Springer-Verlag},
  year      = {2006},
  author    = {Bishop, Christopher M.},
  address   = {Berlin, Heidelberg},
  isbn      = {0387310738},
}

@Article{Niculescu-Mizil2005,
  author  = {Niculescu-Mizil, Alexandru and Caruana, Rich},
  title   = {{Predicting Good Probabilities with Supervised Learning}},
  journal = {Proceedings of the 22\textsuperscript{nd} International Conference on Machine Learning - ICML '05},
  year    = {2005},
  number  = {1999},
  pages   = {625--632},
  doi     = {10.1145/1102351.1102430},
  isbn    = {1595931805},
  pmid    = {1000183019},
  url     = {http://portal.acm.org/citation.cfm?doid=1102351.1102430},
}

@Article{Doshi-Velez2017,
  author  = {Doshi-Velez, Finale and Kim, Been},
  title   = {{Towards A Rigorous Science of Interpretable Machine Learning}},
  journal = {arXiv preprint \href{http://arxiv.org/abs/1702.08608}{arXiv:1702.08608}},
  year    = {2017},
}

@Article{obermeyer2016predicting,
  author    = {Obermeyer, Ziad and Emanuel, Ezekiel J},
  title     = {{Predicting the Future -- Big Data, Machine Learning, and Clinical Medicine}},
  journal   = {The New England Journal of Medicine},
  year      = {2016},
  volume    = {375},
  number    = {13},
  pages     = {1216},
  publisher = {NIH Public Access},
}

@Article{greenwell2018simple,
  author  = {Greenwell, Brandon M and Boehmke, Bradley C and McCarthy, Andrew J},
  title   = {{A Simple and Effective Model-based Variable Importance Measure}},
  journal = {arXiv preprint \href{http://arxiv.org/abs/1805.04755}{arXiv:1805.04755}},
  year    = {2018},
}

@InCollection{xie2014knitr,
  author    = {Xie, Yihui},
  title     = {{knitr: A Comprehensive Tool for Reproducible Research in R}},
  booktitle = {Implementing Reproducible Research},
  publisher = {Chapman and Hall/CRC},
  year      = {2014},
  editor    = {Stodden, Victoria and Leisch, Friedrich and Peng, Roger D},
}

@Article{lemeshow1982review,
  author    = {Lemeshow, Stanley and Hosmer, David W},
  title     = {{A Review of Goodness of Fit Statistics for Use in the Development of Logistic Regression Models}},
  journal   = {American Journal of Epidemiology},
  year      = {1982},
  volume    = {115},
  number    = {1},
  pages     = {92--106},
  publisher = {Oxford Univ Press},
}

@Book{japkowicz2011evaluating,
  title     = {{Evaluating Learning Algorithms: A Classification Perspective}},
  publisher = {Cambridge University Press},
  year      = {2011},
  author    = {Japkowicz, Nathalie and Shah, Mohak},
  address   = {Cambridge},
}

@Article{probst2018tunability,
  author  = {Probst, Philipp and Bischl, Bernd and Boulesteix, Anne-Laure},
  title   = {{Tunability: Importance of Hyperparameters of Machine Learning Algorithms}},
  journal = {arXiv preprint \href{http://arxiv.org/abs/1802.09596}{arXiv:1802.09596}},
  year    = {2018},
}

@Article{Murphy1973,
  author  = {Murphy, Allan H.},
  title   = {{A New Vector Partition of the Probability Score}},
  journal = {Journal of Applied Meteorology},
  year    = {1973},
  volume  = {12},
  number  = {4},
  pages   = {595--600},
  issn    = {0021-8952},
  doi     = {10.1175/1520-0450(1973)012<0595:ANVPOT>2.0.CO;2},
  isbn    = {0021-8952},
  url     = {http://journals.ametsoc.org/doi/abs/10.1175/1520-0450{\%}281973{\%}29012{\%}3C0595{\%}3AANVPOT{\%}3E2.0.CO{\%}3B2},
}

@Article{Murphy1972,
  author  = {Murphy, Allan H.},
  title   = {{Scalar and Vector Partitions of the Probability Score: Part I. Two-State Situation}},
  journal = {Journal of Applied Meteorology},
  year    = {1972},
  volume  = {11},
  number  = {2},
  pages   = {273--282},
}

@Article{efron1983estimating,
  author    = {Efron, Bradley},
  title     = {{Estimating the Error Rate of a Prediction Rule: Improvement on Cross-validation}},
  journal   = {Journal of the American Statistical Association},
  year      = {1983},
  volume    = {78},
  number    = {382},
  pages     = {316--331},
  publisher = {Taylor \& Francis},
}

@Article{hanley1982meaning,
  author  = {Hanley, James A and McNeil, Barbara J},
  title   = {{The Meaning and Use of the Area under a Receiver Operating Characteristic (ROC) Curve.}},
  journal = {Radiology},
  year    = {1982},
  volume  = {143},
  number  = {1},
  pages   = {29--36},
}

@InProceedings{leisch2002sweave,
  author       = {Leisch, Friedrich},
  title        = {{Sweave: Dynamic Generation of Statistical Reports Using Literate Data Analysis}},
  booktitle    = {Compstat},
  year         = {2002},
  pages        = {575--580},
  organization = {Springer},
}

@Article{brier1950verification,
  author  = {Brier, Glenn W},
  title   = {{Verification of Forecasts Expressed in Terms of Probability}},
  journal = {Monthey Weather Review},
  year    = {1950},
  volume  = {78},
  number  = {1},
  pages   = {1--3},
}

@Misc{Dua:2017,
  author = {Dheeru, Dua and Karra Taniskidou, Efi},
  title  = {{UCI Machine Learning Repository}},
  year   = {2017},
  school = {University of California, Irvine, School of Information and Computer Sciences},
  note    = {URL \url{http://archive.ics.uci.edu/ml}},
}

@Article{goldstein2015peeking,
  author    = {Goldstein, Alex and Kapelner, Adam and Bleich, Justin and Pitkin, Emil},
  title     = {{Peeking Inside the Black Box: Visualizing Statistical Learning with Plots of Individual Conditional Expectation}},
  journal   = {Journal of Computational and Graphical Statistics},
  year      = {2015},
  volume    = {24},
  number    = {1},
  pages     = {44--65},
  publisher = {Taylor \& Francis},
}

@Book{molnar,
  title     = {{Interpretable Machine Learning}},
  publisher = {https://christophm.github.io/interpretable-ml-book/},
  year      = {2018},
  author    = {Molnar, Christoph},
  note      = {\url{https://christophm.github.io/interpretable-ml-book/}},
}

@Article{hothorn2011case,
  author    = {Hothorn, Torsten and Leisch, Friedrich},
  title     = {{Case Studies in Reproducibility}},
  journal   = {Briefings in Bioinformatics},
  year      = {2011},
  volume    = {12},
  number    = {3},
  pages     = {288--300},
  publisher = {Oxford University Press},
}

@Article{sobol1990sensitivity,
  author    = {Sobol', Il'ya Meerovich},
  title     = {{On Sensitivity Estimation for Nonlinear Mathematical Models}},
  journal   = {Matematicheskoe Modelirovanie},
  year      = {1990},
  volume    = {2},
  number    = {1},
  pages     = {112--118},
  publisher = {Russian Academy of Sciences, Branch of Mathematical Sciences},
}

@InProceedings{biran2017explanation,
  author    = {Biran, Or and Cotton, Courtenay},
  title     = {{Explanation and Justification in Machine Learning: A Survey}},
  booktitle = {IJCAI-17 Workshop on Explainable AI (XAI)},
  year      = {2017},
  pages     = {8},
}

@InCollection{schaffer1994conservation,
  author    = {Schaffer, Cullen},
  title     = {{A Conservation Law for Generalization Performance}},
  booktitle = {Machine Learning Proceedings 1994},
  publisher = {Elsevier},
  year      = {1994},
  pages     = {259--265},
}

@Article{Lipton2016,
  author  = {Lipton, Zachary C},
  title   = {{The Mythos of Model Interpretability}},
  journal = {arXiv preprint \href{http://arxiv.org/abs/1606.03490}{arXiv:1606.03490}},
  year    = {2016},
}

@InProceedings{vanderplas2012introduction,
  author       = {VanderPlas, Jacob and Connolly, Andrew J and Ivezi{\'c}, {\v{Z}}eljko and Gray, Alex},
  title        = {{Introduction to astroML: Machine Learning for Astrophysics}},
  booktitle    = {2012 Conference on Intelligent Data Understanding},
  year         = {2012},
  pages        = {47--54},
  organization = {IEEE},
}

@Article{van2001model,
  author    = {van Someren, Maarten},
  title     = {{Model Class Selection and Construction: Beyond the Procrustean Approach to Machine Learning Applications}},
  journal   = {Machine Learning and Its Applications},
  year      = {2001},
  pages     = {196--217},
  publisher = {Springer},
}

@InCollection{braun2014open,
  author    = {Braun, Mikio L and Ong, Cheng Soon},
  title     = {{Open Science in Machine Learning}},
  booktitle = {Implementing Reproducible Research},
  publisher = {Chapman and Hall/CRC},
  year      = {2014},
  editor    = {Stodden, Victoria and Leisch, Friedrich and Peng, Roger D},
}

@InProceedings{sokolova2006beyond,
  author       = {Sokolova, Marina and Japkowicz, Nathalie and Szpakowicz, Stan},
  title        = {{Beyond Accuracy, F-Score and ROC: A Family of Discriminant Measures for Performance Evaluation}},
  booktitle    = {Australasian Joint Conference on Artificial Intelligence},
  year         = {2006},
  pages        = {1015--1021},
  organization = {Springer},
}

@Article{vilalta2002per,
  author    = {Vilalta, Ricardo and Drissi, Youssef},
  title     = {{A Perspective View and Survey of Meta-learning}},
  journal   = {Artificial Intelligence Review},
  year      = {2002},
  volume    = {18},
  number    = {2},
  pages     = {77--95},
  publisher = {Springer},
}

@Article{fluss2005estimation,
  author    = {Fluss, Ronen and Faraggi, David and Reiser, Benjamin},
  title     = {{Estimation of the Youden Index and its Associated Cutoff Point}},
  journal   = {Biometrical Journal},
  year      = {2005},
  volume    = {47},
  number    = {4},
  pages     = {458--472},
  publisher = {Wiley Online Library},
}

@Misc{hothorn2018cran,
  author  = {Hothorn, Torsten},
  title   = {{Cran Task View: Machine Learning \& Statistical Learning}},
  note = {Version 2018-08-05, URL \url{https://CRAN.R-project.org/view=MachineLearning}},
  year    = {2018},
}

@Article{wei2015variable,
  author    = {Wei, Pengfei and Lu, Zhenzhou and Song, Jingwen},
  title     = {{Variable Importance Analysis: A Comprehensive Review}},
  journal   = {Reliability Engineering \& System Safety},
  year      = {2015},
  volume    = {142},
  pages     = {399--432},
  publisher = {Elsevier},
}

@Article{boulesteix2015statistical,
  author    = {Boulesteix, Anne-Laure and Hable, Robert and Lauer, Sabine and Eugster, Manuel JA},
  title     = {{A Statistical Framework for Hypothesis Testing in Real Data Comparison Studies}},
  journal   = {The American Statistician},
  year      = {2015},
  volume    = {69},
  number    = {3},
  pages     = {201--212},
  publisher = {Taylor \& Francis},
}

@Article{zhao2017causal,
  author  = {Zhao, Qingyuan and Hastie, Trevor},
  title   = {{Causal Interpretations of Black-box Models}},
  journal = {Journal of Business \& Economic Statistics, to appear},
  year    = {2017},
}

@Article{Steyerberg2010,
  author  = {Steyerberg, Ewout and Vickers, Andrew and Cook, Nancy and Gerds, Thomas and Gonen, Mithat and Obuchowski, Nancy and others},
  title   = {{Assessing the Performance of Prediction Models}},
  journal = {Epidemiology},
  year    = {2010},
  volume  = {21},
  number  = {1},
  pages   = {128--138},
  issn    = {1531-5487},
  doi     = {10.1097/EDE.0b013e3181c30fb2},
  pmid    = {20010215},
  url     = {http://www.pubmedcentral.nih.gov/articlerender.fcgi?artid=3575184\&tool=pmcentrez\&rendertype=abstract},
}

@Article{cutler2007random,
  author    = {Cutler, D Richard and Edwards, Thomas C and Beard, Karen H and Cutler, Adele and Hess, Kyle T and Gibson, Jacob and Lawler, Joshua J},
  title     = {{Random Forests for Classification in Ecology}},
  journal   = {Ecology},
  year      = {2007},
  volume    = {88},
  number    = {11},
  pages     = {2783--2792},
  publisher = {Wiley Online Library},
}

@Article{strumbelj2014,
  author  = {Strumbelj, Erik and Kononenko, Igor},
  title   = {{Explaining Prediction Models and Individual Predictions with Feature Contributions}},
  journal = {Knowledge and Information Systems},
  year    = {2014},
  volume  = {41},
  number  = {3},
  pages   = {647--665},
  issn    = {0219-3116},
  doi     = {10.1007/s10115-013-0679-x},
  isbn    = {0219-1377},
}

@Book{Murphy2013Machine,
  title        = {{Machine Learning: A Probabilistic Perspective}},
  publisher    = {MIT Press},
  year         = {2013},
  author       = {Murphy, Kevin P.},
  edition      = {1},
  isbn         = {0262018020},
  day          = {24},
  howpublished = {Hardcover},
  interhash    = {e99d8a06cc36507b05c38192ab80573e},
  intrahash    = {70148d65a6a66e0ae962bf22c5f66148},
  posted-at    = {2015-10-08 12:11:48},
  timestamp    = {2018-05-29T16:48:09.000+0200},
  url          = {http://www.amazon.com/exec/obidos/redirect?tag=citeulike07-20\&path=ASIN/0262018020},
}

@Article{hosmer1980goodness,
  author    = {Hosmer, David W and Lemesbow, Stanley},
  title     = {{Goodness of Fit Tests for the Multiple Logistic Regression Model}},
  journal   = {Communications in Statistics -- Theory and Methods},
  year      = {1980},
  volume    = {9},
  number    = {10},
  pages     = {1043--1069},
  publisher = {Taylor \& Francis},
}

@Article{guidotti2018survey,
  author    = {Guidotti, Riccardo and Monreale, Anna and Ruggieri, Salvatore and Turini, Franco and Giannotti, Fosca and Pedreschi, Dino},
  title     = {{A Survey of Methods for Explaining Black Box Models}},
  journal   = {ACM Computing Surveys (CSUR)},
  year      = {2018},
  volume    = {51},
  number    = {5},
  pages     = {93},
  publisher = {ACM},
}

@Article{hofner2016reproducible,
  author    = {Hofner, Benjamin and Schmid, Matthias and Edler, Lutz},
  title     = {{Reproducible Research in Statistics: A Review and Guidelines for the Biometrical Journal}},
  journal   = {Biometrical Journal},
  year      = {2016},
  volume    = {58},
  number    = {2},
  pages     = {416--427},
  publisher = {Wiley Online Library},
}

@Article{casalicchio2015subject,
  author    = {Casalicchio, Giuseppe and Tutz, Gerhard and Schauberger, Gunther},
  title     = {{Subject--specific Bradley--Terry--Luce Models with Implicit Variable Selection}},
  journal   = {Statistical Modelling},
  year      = {2015},
  volume    = {15},
  number    = {6},
  pages     = {526--547},
  publisher = {SAGE Publications Sage India: New Delhi, India},
}

@Manual{tidyverse,
  title  = {{tidyverse: Easily Install and Load the 'Tidyverse'}},
  author = {Hadley Wickham},
  year   = {2017},
  note   = {R package version 1.2.1, URL \url{https://CRAN.R-project.org/package=tidyverse}},
  url    = {https://CRAN.R-project.org/package=tidyverse},
}

@Article{hothorn2005design,
  author    = {Hothorn, Torsten and Leisch, Friedrich and Zeileis, Achim and Hornik, Kurt},
  title     = {{The Design and Analysis of Benchmark Experiments}},
  journal   = {Journal of Computational and Graphical Statistics},
  year      = {2005},
  volume    = {14},
  number    = {3},
  pages     = {675--699},
  publisher = {Taylor \& Francis},
}

@InProceedings{ancona2018towards,
  author    = {Ancona, Marco and Ceolini, Enea and Oztireli, Cengiz and Gross, Markus},
  title     = {{Towards Better Understanding of Gradient-based Attribution Methods for Deep Neural Networks}},
  booktitle = {6\textsuperscript{th} International Conference on Learning Representations (ICLR 2018)},
  year      = {2018},
}

@Article{Ribeiro2016b,
  author  = {Ribeiro, Marco Tulio and Singh, Sameer and Guestrin, Carlos},
  title   = {{Model-Agnostic Interpretability of Machine Learning}},
  journal = {arXiv preprint \href{http://arxiv.org/abs/1606.05386}{arXiv:1606.05386}},
  year    = {2016},
}

@Article{cook2007use,
  author    = {Cook, Nancy R},
  title     = {{Use and Misuse of the Receiver Operating Characteristic Curve in Risk Prediction}},
  journal   = {Circulation},
  year      = {2007},
  volume    = {115},
  number    = {7},
  pages     = {928--935},
  publisher = {Am Heart Assoc},
}

@InProceedings{Zien2009,
  author       = {Zien, Alexander and Kr{\"a}mer, Nicole and Sonnenburg, S{\"o}ren and R{\"a}tsch, Gunnar},
  title        = {{The Feature Importance Ranking Measure}},
  booktitle    = {Joint European Conference on Machine Learning and Knowledge Discovery in Databases},
  year         = {2009},
  pages        = {694--709},
  organization = {Springer},
}

@InCollection{box1979robustness,
  author    = {G.E.P. Box},
  title     = {{Robustness in the Strategy of Scientific Model Building}},
  booktitle = {Robustness in Statistics},
  publisher = {New York: Academic Press},
  year      = {1979},
  editor    = {Robert L. Launer and Graham N. Wilkinson},
  pages     = {201--236},
}

@Article{molinaro2005prediction,
  author    = {Molinaro, Annette M and Simon, Richard and Pfeiffer, Ruth M},
  title     = {{Prediction Error Estimation: A Comparison of Resampling Methods}},
  journal   = {Bioinformatics},
  year      = {2005},
  volume    = {21},
  number    = {15},
  pages     = {3301--3307},
  publisher = {Oxford University Press},
}

@Article{berk2009forecasting,
  author    = {Berk, Richard and Sherman, Lawrence and Barnes, Geoffrey and Kurtz, Ellen and Ahlman, Lindsay},
  title     = {{Forecasting Murder within a Population of Probationers and Parolees: A High Stakes Application of Statistical Learning}},
  journal   = {Journal of the Royal Statistical Society: Series A (Statistics in Society)},
  year      = {2009},
  volume    = {172},
  number    = {1},
  pages     = {191--211},
  publisher = {Wiley Online Library},
}

@Article{Pepe2008b,
  author  = {Pepe, M S and Feng, Ziding and Huang, Ying and Longton, Gary and Prentice, Ross and Thompson, Ian M and others},
  title   = {{Integrating the Predictiveness of a Marker with its Performance as a Classifier}},
  journal = {American Journal of Epidemiology},
  year    = {2008},
  volume  = {167},
  number  = {3},
  pages   = {362--368},
  month   = feb,
  issn    = {1476-6256},
  doi     = {10.1093/aje/kwm305},
  pmid    = {17982157},
  url     = {http://www.pubmedcentral.nih.gov/articlerender.fcgi?artid=2939738\&tool=pmcentrez\&rendertype=abstract},
}

@Article{efron1979bootstrap,
  author    = {Efron, B},
  title     = {{Bootstrap Methods: Another Look at the Jackknife}},
  journal   = {The Annals of Statistics},
  year      = {1979},
  volume    = {7},
  number    = {1},
  pages     = {1--26},
  publisher = {JSTOR},
}

@InProceedings{team2016azureml,
  author    = {Team, AzureML},
  title     = {{AzureML: Anatomy of a Machine Learning Service}},
  booktitle = {Conference on Predictive APIs and Apps},
  year      = {2016},
  pages     = {1--13},
}

@Article{vanschoren2014openml,
  author    = {Vanschoren, Joaquin and van Rijn, Jan N. and Bischl, Bernd and Torgo, Luis},
  title     = {{OpenML: Networked Science in Machine Learning}},
  journal   = {SIGKDD Explorations},
  year      = {2013},
  volume    = {15},
  number    = {2},
  pages     = {49--60},
  publisher = {ACM},
}

@Article{krause2016using,
  author  = {Krause, Josua and Perer, Adam and Bertini, Enrico},
  title   = {{Using Visual Analytics to Interpret Predictive Machine Learning Models}},
  journal = {arXiv preprint \href{http://arxiv.org/abs/1606.05685}{arXiv:1606.05685}},
  year    = {2016},
}

@Article{shapley1953value,
  author  = {Shapley, Lloyd S},
  title   = {A Value for N-person Games},
  journal = {Contributions to the Theory of Games},
  year    = {1953},
  volume  = {2},
  number  = {28},
  pages   = {307--317},
}

@Article{saha2017framework,
  author    = {Saha, Budhaditya and Gupta, Sunil and Phung, Dinh and Venkatesh, Svetha},
  title     = {{A Framework for Mixed-Type Multioutcome Prediction With Applications in Healthcare}},
  journal   = {IEEE Journal of Biomedical and Health Informatics},
  year      = {2017},
  volume    = {21},
  number    = {4},
  pages     = {1182--1191},
  publisher = {IEEE},
}

@InProceedings{wang2013learning,
  author       = {Wang, Tong and Rudin, Cynthia and Wagner, Daniel and Sevieri, Rich},
  title        = {{Learning to Detect Patterns of Crime}},
  booktitle    = {Joint European Conference on Machine Learning and Knowledge Discovery in Databases},
  year         = {2013},
  pages        = {515--530},
  organization = {Springer},
}

@Book{stodden2014implementing,
  title     = {{Implementing Reproducible Research}},
  publisher = {CRC Press},
  year      = {2014},
  author    = {Stodden, Victoria and Leisch, Friedrich and Peng, Roger D},
}

@TechReport{cook2005illuminating,
  author      = {Cook, Kristin A and Thomas, James J},
  title       = {{Illuminating the Path: The Research and Development Agenda for Visual Analytics}},
  institution = {Pacific Northwest National Lab.(PNNL), Richland, WA (United States)},
  year        = {2005},
}

@InProceedings{brodersen2010balanced,
  author       = {Brodersen, Kay Henning and Ong, Cheng Soon and Stephan, Klaas Enno and Buhmann, Joachim M},
  title        = {{The Balanced Accuracy and its Posterior Distribution}},
  booktitle    = {Proceedings of the 2010 20\textsuperscript{th} International Conference on Pattern Recognition},
  year         = {2010},
  pages        = {3121--3124},
  organization = {IEEE},
}

@InProceedings{hidalgo2002evaluating,
  author       = {Hidalgo, Jos{\'e} Mar{\'\i}a G{\'o}mez},
  title        = {{Evaluating Cost-sensitive Unsolicited Bulk Email Categorization}},
  booktitle    = {Proceedings of the 2002 ACM Symposium on Applied Computing},
  year         = {2002},
  pages        = {615--620},
  organization = {ACM},
}

@Article{androutsopoulos2000learning,
  author  = {Androutsopoulos, Ion and Paliouras, Georgios and Karkaletsis, Vangelis and Sakkis, Georgios and Spyropoulos, Constantine D and Stamatopoulos, Panagiotis},
  title   = {{Learning to Filter Spam E-Mail: A Comparison of a Naive Bayesian and a Memory-based Approach}},
  journal = {arXiv preprint \href{https://arxiv.org/abs/cs/0009009v1}{cs/0009009}},
  year    = {2000},
}

@InProceedings{davis2006relationship,
  author       = {Davis, Jesse and Goadrich, Mark},
  title        = {{The Relationship between Precision-Recall and ROC Curves}},
  booktitle    = {Proceedings of the 23\textsuperscript{rd} International Conference on Machine Learning},
  year         = {2006},
  pages        = {233--240},
  organization = {ACM},
}

@Article{gosiewska2018auditor,
  author  = {Gosiewska, Alicja and Biecek, Przemyslaw},
  title   = {{auditor: An R Package for Model-Agnostic Visual Validation and Diagnostic}},
  journal = {arXiv preprint \href{http://arxiv.org/abs/1809.07763}{arXiv:1809.07763}},
  year    = {2018},
}

@Article{biecek2018dalex,
  author  = {Biecek, Przemyslaw},
  title   = {{DALEX: Explainers for Complex Predictive Models in R}},
  journal = {Journal of Machine Learning Research},
  year    = {2018},
  volume  = {19},
  number  = {84},
  pages   = {1--5},
}

@InProceedings{zadrozny2002transforming,
  author       = {Zadrozny, Bianca and Elkan, Charles},
  title        = {{Transforming Classifier Scores into Accurate Multiclass Probability Estimates}},
  booktitle    = {Proceedings of the 8\textsuperscript{th} ACM SIGKDD International Conference on Knowledge Discovery and Data Mining},
  year         = {2002},
  pages        = {694--699},
  organization = {ACM},
}

@Article{lucena2018spline,
  author  = {Lucena, Brian},
  title   = {{Spline-Based Probability Calibration}},
  journal = {arXiv preprint \href{http://arxiv.org/abs/1809.07751}{arXiv:1809.07751}},
  year    = {2018},
}

@Article{zhang2014review,
  author    = {Zhang, Min-Ling and Zhou, Zhi-Hua},
  title     = {{A Review on Multi-Label Learning Algorithms}},
  journal   = {IEEE Transactions on Knowledge and Data Engineering},
  year      = {2014},
  volume    = {26},
  number    = {8},
  pages     = {1819--1837},
  publisher = {IEEE},
}

@Article{charte2015working,
  author  = {Charte, Francisco and Charte, David},
  title   = {{Working with Multilabel Datasets in R: The mldr Package.}},
  journal = {R Journal},
  year    = {2015},
  volume  = {7},
  number  = {2},
}

@Book{flach2012machine,
  title     = {{Machine Learning: The Art and Science of Algorithms that Make Sense of Data}},
  publisher = {Cambridge University Press},
  year      = {2012},
  author    = {Flach, Peter},
  address   = {New York, NY, USA},
}

@InProceedings{li2006ordinal,
  author       = {Li, Ling and Lin, Hsuan-Tien},
  title        = {{Ordinal Regression by Extended Binary Classification}},
  booktitle    = {Proceedings of the 19\textsuperscript{th} International Conference on Neural Information Processing Systems},
  year         = {2006},
  pages        = {865--872},
  organization = {MIT Press},
}

@Article{gutierrez2016ordinal,
  author    = {Gutierrez, Pedro Antonio and Perez-Ortiz, Maria and Sanchez-Monedero, Javier and Fernandez-Navarro, Francisco and Hervas-Martinez, Cesar},
  title     = {{Ordinal Regression Methods: Survey and Experimental Study}},
  journal   = {IEEE Transactions on Knowledge and Data Engineering},
  year      = {2016},
  volume    = {28},
  number    = {1},
  pages     = {127--146},
  publisher = {IEEE},
}

@Article{sanchez2013exploitation,
  author    = {S{\'a}nchez-Monedero, J and Guti{\'e}rrez, Pedro A and Ti{\v{n}}o, Peter and Herv{\'a}s-Mart{\'\i}nez, C},
  title     = {{Exploitation of Pairwise Class Distances for Ordinal Classification}},
  journal   = {Neural Computation},
  year      = {2013},
  volume    = {25},
  number    = {9},
  pages     = {2450--2485},
  publisher = {MITP},
}

@Article{kramer2000prediction,
  author  = {Kramer, Stefan and Widmer, Gerhard and Pfahringer, Bernhard and De Groeve, Michael},
  title   = {{Prediction of Ordinal Classes Using Regression Trees}},
  journal = {Fundamenta Informaticae},
  year    = {2001},
  volume  = {47},
  number  = {1-2},
  pages   = {1--13},
}

@Article{molnar2018iml,
  author  = {Molnar, Christoph and Casalicchio, Giuseppe and Bischl, Bernd},
  title   = {{iml: An R package for Interpretable Machine Learning}},
  journal = {The Journal of Open Source Software},
  year    = {2018},
  volume  = {3},
  number  = {26},
  pages   = {786},
}

@Article{hand2001simple,
  author    = {Hand, David J and Till, Robert J},
  title     = {{A Simple Generalisation of the Area Under the ROC Curve for Multiple Class Classification Problems}},
  journal   = {Machine Learning},
  year      = {2001},
  volume    = {45},
  number    = {2},
  pages     = {171--186},
  publisher = {Springer},
}

@Article{ferri2009experimental,
  author    = {Ferri, C{\'e}sar and Hern{\'a}ndez-Orallo, Jos{\'e} and Modroiu, R},
  title     = {{An Experimental Comparison of Performance Measures for Classification}},
  journal   = {Pattern Recognition Letters},
  year      = {2009},
  volume    = {30},
  number    = {1},
  pages     = {27--38},
  publisher = {Elsevier},
}

@Comment{jabref-meta: databaseType:bibtex;}
